%YAML 1.1
%TAG !u! tag:unity3d.com,2011:
--- !u!1 &2122096121912991
GameObject:
  m_ObjectHideFlags: 0
  m_CorrespondingSourceObject: {fileID: 0}
  m_PrefabInstance: {fileID: 0}
  m_PrefabAsset: {fileID: 0}
  serializedVersion: 6
  m_Component:
  - component: {fileID: 4776133640203404408}
  - component: {fileID: 8262214816289115987}
  - component: {fileID: 4834449614594971383}
  - component: {fileID: 3241669831569239412}
  - component: {fileID: 8334328621144900851}
  m_Layer: 0
  m_Name: RoomPresetOneDoor
  m_TagString: Untagged
  m_Icon: {fileID: 0}
  m_NavMeshLayer: 0
  m_StaticEditorFlags: 0
  m_IsActive: 1
--- !u!4 &4776133640203404408
Transform:
  m_ObjectHideFlags: 0
  m_CorrespondingSourceObject: {fileID: 0}
  m_PrefabInstance: {fileID: 0}
  m_PrefabAsset: {fileID: 0}
  m_GameObject: {fileID: 2122096121912991}
  m_LocalRotation: {x: -0, y: -0, z: -0, w: 1}
  m_LocalPosition: {x: -3.3998, y: -8.4929, z: -3.41}
  m_LocalScale: {x: 1, y: 1, z: 1}
  m_Children: []
  m_Father: {fileID: 0}
  m_RootOrder: 0
  m_LocalEulerAnglesHint: {x: 0, y: 0, z: 0}
--- !u!33 &8262214816289115987
MeshFilter:
  m_ObjectHideFlags: 0
  m_CorrespondingSourceObject: {fileID: 0}
  m_PrefabInstance: {fileID: 0}
  m_PrefabAsset: {fileID: 0}
  m_GameObject: {fileID: 2122096121912991}
  m_Mesh: {fileID: 0}
--- !u!23 &4834449614594971383
MeshRenderer:
  m_ObjectHideFlags: 0
  m_CorrespondingSourceObject: {fileID: 0}
  m_PrefabInstance: {fileID: 0}
  m_PrefabAsset: {fileID: 0}
  m_GameObject: {fileID: 2122096121912991}
  m_Enabled: 1
  m_CastShadows: 1
  m_ReceiveShadows: 1
  m_DynamicOccludee: 1
  m_MotionVectors: 1
  m_LightProbeUsage: 1
  m_ReflectionProbeUsage: 1
  m_RayTracingMode: 2
  m_RenderingLayerMask: 1
  m_RendererPriority: 0
  m_Materials:
  - {fileID: 2100000, guid: 73c176f402d2c2f4d929aa5da7585d17, type: 2}
  m_StaticBatchInfo:
    firstSubMesh: 0
    subMeshCount: 0
  m_StaticBatchRoot: {fileID: 0}
  m_ProbeAnchor: {fileID: 0}
  m_LightProbeVolumeOverride: {fileID: 0}
  m_ScaleInLightmap: 1
  m_ReceiveGI: 1
  m_PreserveUVs: 0
  m_IgnoreNormalsForChartDetection: 0
  m_ImportantGI: 0
  m_StitchLightmapSeams: 1
  m_SelectedEditorRenderState: 2
  m_MinimumChartSize: 4
  m_AutoUVMaxDistance: 0.5
  m_AutoUVMaxAngle: 89
  m_LightmapParameters: {fileID: 0}
  m_SortingLayerID: 0
  m_SortingLayer: 0
  m_SortingOrder: 0
--- !u!114 &3241669831569239412
MonoBehaviour:
  m_ObjectHideFlags: 0
  m_CorrespondingSourceObject: {fileID: 0}
  m_PrefabInstance: {fileID: 0}
  m_PrefabAsset: {fileID: 0}
  m_GameObject: {fileID: 2122096121912991}
  m_Enabled: 1
  m_EditorHideFlags: 0
  m_Script: {fileID: 11500000, guid: 8233d90336aea43098adf6dbabd606a2, type: 3}
  m_Name: 
  m_EditorClassIdentifier: 
  m_MeshFormatVersion: 1
  m_Faces:
  - m_Indexes: 020000000300000001000000020000000100000000000000
    m_SmoothingGroup: 0
    m_Uv:
      m_UseWorldSpace: 0
      m_FlipU: 0
      m_FlipV: 0
      m_SwapUV: 0
      m_Fill: 1
      m_Scale: {x: 1, y: 1}
      m_Offset: {x: 0, y: 0}
      m_Rotation: 0
      m_Anchor: 9
    m_Material: {fileID: 0}
    m_SubmeshIndex: 0
    m_ManualUV: 0
    elementGroup: -1
    m_TextureGroup: -1
  - m_Indexes: 060000000700000005000000060000000500000004000000
    m_SmoothingGroup: 0
    m_Uv:
      m_UseWorldSpace: 0
      m_FlipU: 0
      m_FlipV: 0
      m_SwapUV: 0
      m_Fill: 1
      m_Scale: {x: 1, y: 1}
      m_Offset: {x: 0, y: 0}
      m_Rotation: 0
      m_Anchor: 9
    m_Material: {fileID: 0}
    m_SubmeshIndex: 0
    m_ManualUV: 0
    elementGroup: -1
    m_TextureGroup: -1
  - m_Indexes: 0a0000000b000000090000000a0000000900000008000000
    m_SmoothingGroup: 0
    m_Uv:
      m_UseWorldSpace: 0
      m_FlipU: 0
      m_FlipV: 0
      m_SwapUV: 0
      m_Fill: 1
      m_Scale: {x: 1, y: 1}
      m_Offset: {x: 0, y: 0}
      m_Rotation: 0
      m_Anchor: 9
    m_Material: {fileID: 0}
    m_SubmeshIndex: 0
    m_ManualUV: 0
    elementGroup: -1
    m_TextureGroup: -1
  - m_Indexes: 0e0000000c0000000d0000000e0000000f0000000c0000000f000000110000000c0000000f0000001000000011000000
    m_SmoothingGroup: 0
    m_Uv:
      m_UseWorldSpace: 0
      m_FlipU: 0
      m_FlipV: 0
      m_SwapUV: 0
      m_Fill: 1
      m_Scale: {x: 1, y: 1}
      m_Offset: {x: 0, y: 0}
      m_Rotation: 0
      m_Anchor: 9
    m_Material: {fileID: 2100000, guid: 73c176f402d2c2f4d929aa5da7585d17, type: 2}
    m_SubmeshIndex: 0
    m_ManualUV: 0
    elementGroup: 0
    m_TextureGroup: -1
  - m_Indexes: 130000001400000015000000120000001300000015000000120000001500000016000000170000001200000016000000
    m_SmoothingGroup: 0
    m_Uv:
      m_UseWorldSpace: 0
      m_FlipU: 0
      m_FlipV: 0
      m_SwapUV: 0
      m_Fill: 1
      m_Scale: {x: 1, y: 1}
      m_Offset: {x: 0, y: 0}
      m_Rotation: 0
      m_Anchor: 9
    m_Material: {fileID: 2100000, guid: 73c176f402d2c2f4d929aa5da7585d17, type: 2}
    m_SubmeshIndex: 0
    m_ManualUV: 0
    elementGroup: 0
    m_TextureGroup: -1
  - m_Indexes: 18000000190000001a000000180000001a0000001c0000001a0000001b0000001c000000
    m_SmoothingGroup: 0
    m_Uv:
      m_UseWorldSpace: 0
      m_FlipU: 0
      m_FlipV: 0
      m_SwapUV: 0
      m_Fill: 1
      m_Scale: {x: 1, y: 1}
      m_Offset: {x: 0, y: 0}
      m_Rotation: 0
      m_Anchor: 9
    m_Material: {fileID: 2100000, guid: 73c176f402d2c2f4d929aa5da7585d17, type: 2}
    m_SubmeshIndex: 0
    m_ManualUV: 0
    elementGroup: 0
    m_TextureGroup: 1
  - m_Indexes: 1f0000001d0000001e0000001f000000200000001d000000
    m_SmoothingGroup: 0
    m_Uv:
      m_UseWorldSpace: 0
      m_FlipU: 0
      m_FlipV: 0
      m_SwapUV: 0
      m_Fill: 1
      m_Scale: {x: 1, y: 1}
      m_Offset: {x: 0, y: 0}
      m_Rotation: 0
      m_Anchor: 9
    m_Material: {fileID: 2100000, guid: 73c176f402d2c2f4d929aa5da7585d17, type: 2}
    m_SubmeshIndex: 0
    m_ManualUV: 0
    elementGroup: 0
    m_TextureGroup: 1
  - m_Indexes: 230000002100000022000000230000002400000021000000
    m_SmoothingGroup: 0
    m_Uv:
      m_UseWorldSpace: 0
      m_FlipU: 0
      m_FlipV: 0
      m_SwapUV: 0
      m_Fill: 1
      m_Scale: {x: 1, y: 1}
      m_Offset: {x: 0, y: 0}
      m_Rotation: 0
      m_Anchor: 9
    m_Material: {fileID: 2100000, guid: 73c176f402d2c2f4d929aa5da7585d17, type: 2}
    m_SubmeshIndex: 0
    m_ManualUV: 0
    elementGroup: 0
    m_TextureGroup: 1
  - m_Indexes: 260000002900000025000000260000002700000029000000270000002800000029000000
    m_SmoothingGroup: 0
    m_Uv:
      m_UseWorldSpace: 0
      m_FlipU: 0
      m_FlipV: 0
      m_SwapUV: 0
      m_Fill: 1
      m_Scale: {x: 1, y: 1}
      m_Offset: {x: 0, y: 0}
      m_Rotation: 0
      m_Anchor: 9
    m_Material: {fileID: 2100000, guid: 73c176f402d2c2f4d929aa5da7585d17, type: 2}
    m_SubmeshIndex: 0
    m_ManualUV: 0
    elementGroup: 0
    m_TextureGroup: 1
  m_SharedVertices:
  - m_Vertices: 000000000900000016000000
  - m_Vertices: 01000000170000001c000000
  - m_Vertices: 020000000b0000000e000000
  - m_Vertices: 030000000d00000018000000
  - m_Vertices: 040000001400000027000000
  - m_Vertices: 050000000800000015000000
  - m_Vertices: 060000001000000026000000
  - m_Vertices: 070000000a0000000f000000
  - m_Vertices: 0c0000001900000022000000
  - m_Vertices: 110000002300000025000000
  - m_Vertices: 120000001b0000001d000000
  - m_Vertices: 130000002000000028000000
  - m_Vertices: 1a0000001e00000021000000
  - m_Vertices: 1f0000002400000029000000
  m_SharedTextures: []
  m_Positions:
  - {x: 0, y: 0, z: 0}
  - {x: 12.046244, y: 0, z: 0}
  - {x: 0, y: 4.6025925, z: 0}
  - {x: 12.046244, y: 4.6025925, z: 0}
  - {x: 12.046244, y: 0, z: -9.404515}
  - {x: 0, y: 0, z: -9.404515}
  - {x: 12.046244, y: 4.6025925, z: -9.404515}
  - {x: 0, y: 4.6025925, z: -9.404515}
  - {x: 0, y: 0, z: -9.404515}
  - {x: 0, y: 0, z: 0}
  - {x: 0, y: 4.6025925, z: -9.404515}
  - {x: 0, y: 4.6025925, z: 0}
  - {x: 12.046244, y: 4.6025925, z: -3.970921}
  - {x: 12.046244, y: 4.6025925, z: 0}
  - {x: 0, y: 4.6025925, z: 0}
  - {x: 0, y: 4.6025925, z: -9.404515}
  - {x: 12.046244, y: 4.6025925, z: -9.404515}
  - {x: 12.046244, y: 4.6025925, z: -5.152978}
  - {x: 12.046244, y: 0, z: -3.970921}
  - {x: 12.046244, y: 0, z: -5.152978}
  - {x: 12.046244, y: 0, z: -9.404515}
  - {x: 0, y: 0, z: -9.404515}
  - {x: 0, y: 0, z: 0}
  - {x: 12.046244, y: 0, z: 0}
  - {x: 12.046244, y: 4.6025925, z: 0}
  - {x: 12.046244, y: 4.6025925, z: -3.970921}
  - {x: 12.046244, y: 2.703411, z: -3.970921}
  - {x: 12.046244, y: 0, z: -3.970921}
  - {x: 12.046244, y: 0, z: 0}
  - {x: 12.046244, y: 0, z: -3.970921}
  - {x: 12.046244, y: 2.703411, z: -3.970921}
  - {x: 12.046244, y: 2.703411, z: -5.152978}
  - {x: 12.046244, y: 0, z: -5.152978}
  - {x: 12.046244, y: 2.703411, z: -3.970921}
  - {x: 12.046244, y: 4.6025925, z: -3.970921}
  - {x: 12.046244, y: 4.6025925, z: -5.152978}
  - {x: 12.046244, y: 2.703411, z: -5.152978}
  - {x: 12.046244, y: 4.6025925, z: -5.152978}
  - {x: 12.046244, y: 4.6025925, z: -9.404515}
  - {x: 12.046244, y: 0, z: -9.404515}
  - {x: 12.046244, y: 0, z: -5.152978}
  - {x: 12.046244, y: 2.703411, z: -5.152978}
  m_Textures0:
  - {x: 0, y: 0}
  - {x: 12.046244, y: 0}
  - {x: 0, y: 4.6025925}
  - {x: 12.046244, y: 4.6025925}
  - {x: -12.046244, y: 0}
  - {x: 0, y: 0}
  - {x: -12.046244, y: 4.6025925}
  - {x: 0, y: 4.6025925}
  - {x: -9.404515, y: 0}
  - {x: 0, y: 0}
  - {x: -9.404515, y: 4.6025925}
  - {x: 0, y: 4.6025925}
  - {x: -12.046244, y: -3.970921}
  - {x: -12.046244, y: 0}
  - {x: 0, y: 0}
  - {x: 0, y: -9.404515}
  - {x: -12.046244, y: -9.404515}
  - {x: -12.046244, y: -5.152978}
  - {x: 12.046244, y: -3.970921}
  - {x: 12.046244, y: -5.152978}
  - {x: 12.046244, y: -9.404515}
  - {x: 0, y: -9.404515}
  - {x: 0, y: 0}
  - {x: 12.046244, y: 0}
  - {x: 0, y: 4.6025925}
  - {x: 3.970921, y: 4.6025925}
  - {x: 3.970921, y: 2.703411}
  - {x: 3.970921, y: 0}
  - {x: 0, y: 0}
  - {x: 3.970921, y: 0}
  - {x: 3.970921, y: 2.703411}
  - {x: 5.152978, y: 2.703411}
  - {x: 5.152978, y: 0}
  - {x: 3.970921, y: 2.703411}
  - {x: 3.970921, y: 4.6025925}
  - {x: 5.152978, y: 4.6025925}
  - {x: 5.152978, y: 2.703411}
  - {x: 5.152978, y: 4.6025925}
  - {x: 9.404515, y: 4.6025925}
  - {x: 9.404515, y: 0}
  - {x: 5.152978, y: 0}
  - {x: 5.152978, y: 2.703411}
  m_Textures2: []
  m_Textures3: []
  m_Tangents:
  - {x: 1, y: 0, z: 0, w: -1}
  - {x: 1, y: 0, z: 0, w: -1}
  - {x: 1, y: 0, z: 0, w: -1}
  - {x: 1, y: 0, z: 0, w: -1}
  - {x: -1, y: 0, z: 0, w: -1}
  - {x: -1, y: 0, z: 0, w: -1}
  - {x: -1, y: 0, z: 0, w: -1}
  - {x: -1, y: 0, z: 0, w: -1}
  - {x: 0, y: 0, z: 1, w: -1}
  - {x: 0, y: 0, z: 1, w: -1}
  - {x: 0, y: 0, z: 1, w: -1}
  - {x: 0, y: 0, z: 1, w: -1}
  - {x: -1, y: 0, z: 0, w: -1}
  - {x: -1, y: 0, z: 0, w: -1}
  - {x: -1, y: 0, z: 0, w: -1}
  - {x: -1, y: 0, z: 0, w: -1}
  - {x: -1, y: 0, z: 0, w: -1}
  - {x: -1, y: 0, z: 0, w: -1}
  - {x: 1, y: 0, z: 0, w: -1}
  - {x: 1, y: 0, z: 0, w: -1}
  - {x: 1, y: 0, z: 0, w: -1}
  - {x: 1, y: 0, z: 0, w: -1}
  - {x: 1, y: 0, z: 0, w: -1}
  - {x: 1, y: 0, z: 0, w: -1}
  - {x: 0, y: 0, z: -1, w: -1}
  - {x: 0, y: 0, z: -1, w: -1}
  - {x: 0, y: 0, z: -1, w: -1}
  - {x: 0, y: 0, z: -1, w: -1}
  - {x: 0, y: 0, z: -1, w: -1}
  - {x: 0, y: 0, z: -1, w: -1}
  - {x: 0, y: 0, z: -1, w: -1}
  - {x: 0, y: 0, z: -1, w: -1}
  - {x: 0, y: 0, z: -1, w: -1}
  - {x: 0, y: 0, z: -1, w: -1}
  - {x: 0, y: 0, z: -1, w: -1}
  - {x: 0, y: 0, z: -1, w: -1}
  - {x: 0, y: 0, z: -1, w: -1}
  - {x: 0, y: 0, z: -1, w: -1}
  - {x: 0, y: 0, z: -1, w: -1}
  - {x: 0, y: 0, z: -1, w: -1}
  - {x: 0, y: 0, z: -1, w: -1}
  - {x: 0, y: 0, z: -1, w: -1}
  m_Colors: []
  m_UnwrapParameters:
    m_HardAngle: 88
    m_PackMargin: 20
    m_AngleError: 8
    m_AreaError: 15
  m_PreserveMeshAssetOnDestroy: 0
  assetGuid: 
  m_IsSelectable: 1
  m_SelectedFaces: 
  m_SelectedEdges:
  - a: 26
    b: 27
  m_SelectedVertices: 1a0000001b000000
--- !u!64 &8334328621144900851
MeshCollider:
  m_ObjectHideFlags: 0
  m_CorrespondingSourceObject: {fileID: 0}
  m_PrefabInstance: {fileID: 0}
  m_PrefabAsset: {fileID: 0}
  m_GameObject: {fileID: 2122096121912991}
  m_Material: {fileID: 0}
  m_IsTrigger: 0
  m_Enabled: 1
  serializedVersion: 4
  m_Convex: 0
  m_CookingOptions: 30
  m_Mesh: {fileID: 0}
